
@article{preguicca2018conflict,
  title={Conflict-free replicated data types (CRDTs)},
  author={Pregui{\c{c}}a, Nuno and Baquero, Carlos and Shapiro, Marc},
  journal={arXiv preprint arXiv:1805.06358},
  year={2018}
}